
@book{Artin_Tate_1968, title={Class Field Theory}, ISBN={0821869515}, publisher={American Mathematical Soc.}, author={Artin, Emil and Tate, John Torrence}, year={1968} }

@book{Gouvea_2013, title={p-adic Numbers: An Introduction}, ISBN={9783662222782}, publisher={Springer}, author={Gouvea, Fernando Q.}, year={2013}, month={Jun} }

@book{Koblitz_2012, title={p-adic Numbers, p-adic Analysis, and Zeta-Functions}, ISBN={1461270146}, publisher={Springer}, author={Koblitz, Neal}, year={2012}, month={Oct} }

@book{Robert_2013, title={A Course in p-adic Analysis}, ISBN={9781475732542}, publisher={Springer}, author={Robert, Alain M.}, year={2013}, month={Apr} }

@book{hida_1993, title={Elementary Theory of L-functions and Eisenstein Series}, publisher={Cambridge University Press}, author={Hida, Haruzo}, year={1993}} 

 @book{jurgen_99, title={Algebraic number theory}, publisher={Springer}, author={Neukirch JuÌˆrgen}, year={1999}} 

 @book{lang_02, place={New York}, title={Algebra: Revised third edition}, publisher={Springer-Verlag}, author={Lang, Serge}, year={2002}} 
 
 @article{todd_kemp, title={Cauchy's construction of {$\R$}}, author={Todd Kemp}, year={2016}, url={http://www.math.ucsd.edu/~tkemp/140A/Construction.of.R.pdf}}
 
 @article{krapp, title={Constructions of the real numbers: a set theoretical approach}, author={Lothat Sebastian Krapp}, year={2014}, url={http://www.math.uni-konstanz.de/~krapp/research/Constructions_of_the_real_numbers.pdf}, publisher={University of Oxford}}
 
  @book{lang_1986, edition={2nd}, title={Algebraic Number Theory}, publisher={Springer}, author={Lang, Serge}, year={1986}} 
  
   @book{munkres_2014, edition={2nd}, title={Topology}, publisher={Pearson}, author={Munkres, James Raymond}, year={2014}} 